@article{davis1993knowledge,
	title={What is a knowledge representation?},
	author={Davis, Randall and Shrobe, Howard and Szolovits, Peter},
	journal={AI magazine},
	volume={14},
	number={1},
	pages={17},
	year={1993}
}

@book{mccarthy1963programs,
	title={Programs with common sense},
	author={McCarthy, John},
	year={1963},
	publisher={Defense Technical Information Center}
}

@book{mccarthy1968some,
	title={Some philosophical problems from the standpoint of artificial intelligence},
	author={McCarthy, John and Hayes, Patrick},
	year={1968},
	publisher={Stanford University USA}
}

@article{mccarthy1987circumscription,
	title={Circumscription―a form of nonmonotonic reasoning},
	author={McCarthy, John},
	journal={\& \&},
	year={1987}
}

@article{reiter1980logic,
	title={A logic for default reasoning},
	author={Reiter, Raymond},
	journal={Artificial intelligence},
	volume={13},
	number={1},
	pages={81--132},
	year={1980},
	publisher={Elsevier}
}

@article{mcdermott1980non,
	title={Non-monotonic logic I},
	author={McDermott, Drew and Doyle, Jon},
	journal={Artificial intelligence},
	volume={13},
	number={1},
	pages={41--72},
	year={1980},
	publisher={Elsevier}
}

@article{robinson1965machine,
	title={A machine-oriented logic based on the resolution principle},
	author={Robinson, John Alan},
	journal={Journal of the ACM (JACM)},
	volume={12},
	number={1},
	pages={23--41},
	year={1965},
	publisher={ACM}
}

@techreport{green1969application,
	title={Application of theorem proving to problem solving},
	author={Green, Cordell},
	year={1969},
	institution={DTIC Document}
}

@inproceedings{colmeraner1973systeme,
	title={Un systeme de communication homme-machine en francais},
	author={Colmeraner, A and Kanoui, Henri and Pasero, Robert and Roussel, Philippe},
	year={1973},
	organization={Luminy}
}

@article{kowalski1979algorithm,
	title={Algorithm= logic+ control},
	author={Kowalski, Robert},
	journal={Communications of the ACM},
	volume={22},
	number={7},
	pages={424--436},
	year={1979},
	publisher={ACM}
}

@incollection{clark1978negation,
	title={Negation as failure},
	author={Clark, Keith L},
	booktitle={Logic and data bases},
	pages={293--322},
	year={1978},
	publisher={Springer}
}

@book{reiter1978closed,
	title={On closed world data bases},
	author={Reiter, Raymond},
	year={1978},
	publisher={Springer}
}

@article{van1991well,
	title={The well-founded semantics for general logic programs},
	author={Van Gelder, Allen and Ross, Kenneth A and Schlipf, John S},
	journal={Journal of the ACM (JACM)},
	volume={38},
	number={3},
	pages={619--649},
	year={1991},
	publisher={ACM}
}

@inproceedings{gelfond1988stable,
	title={The stable model semantics for logic programming.},
	author={Gelfond, Michael and Lifschitz, Vladimir},
	booktitle={ICLP/SLP},
	volume={88},
	pages={1070--1080},
	year={1988}
}

@article{gelfond1991classical,
	title={Classical negation in logic programs and disjunctive databases},
	author={Gelfond, Michael and Lifschitz, Vladimir},
	journal={New generation computing},
	volume={9},
	number={3-4},
	pages={365--385},
	year={1991},
	publisher={Springer}
}

@phdthesis{ji2010asp,
	title={提高 ASP 效率的若干途径及服务机器人上应用},
	author={吉建民},
	year={2010},
	school={合肥: 中国科学技术大学}
}

@article{lin2004assat,
	title={ASSAT: Computing answer sets of a logic program by SAT solvers},
	author={Lin, Fangzhen and Zhao, Yuting},
	journal={Artificial Intelligence},
	volume={157},
	number={1},
	pages={115--137},
	year={2004},
	publisher={Elsevier}
}

@incollection{lee2003loop,
	title={Loop formulas for disjunctive logic programs},
	author={Lee, Joohyung and Lifschitz, Vladimir},
	booktitle={Logic Programming},
	pages={451--465},
	year={2003},
	publisher={Springer}
}

@article{lifschitz2006there,
	title={Why are there so many loop formulas?},
	author={Lifschitz, Vladimir and Razborov, Alexander},
	journal={ACM Transactions on Computational Logic (TOCL)},
	volume={7},
	number={2},
	pages={261--268},
	year={2006},
	publisher={ACM}
}

@incollection{gebser2005loops,
	title={Loops: relevant or redundant?},
	author={Gebser, Martin and Schaub, Torsten},
	booktitle={Logic Programming and Nonmonotonic Reasoning},
	pages={53--65},
	year={2005},
	publisher={Springer}
}

@article{gebser2011elementary,
	title={On elementary loops of logic programs},
	author={Gebser, Martin and Lee, Joohyung and Lierler, Yuliya},
	journal={Theory and Practice of Logic Programming},
	volume={11},
	number={06},
	pages={953--988},
	year={2011},
	publisher={Cambridge Univ Press}
}

@article{ben1994propositional,
	title={Propositional semantics for disjunctive logic programs},
	author={Ben-Eliyahu, Rachel and Dechter, Rina},
	journal={Annals of Mathematics and Artificial intelligence},
	volume={12},
	number={1-2},
	pages={53--87},
	year={1994},
	publisher={Springer}
}

@article{chen2013computing,
	title={Computing loops with at most one external support rule},
	author={Chen, Xiaoping and Ji, Jianmin and Lin, Fangzhen},
	journal={ACM Transactions on Computational Logic (TOCL)},
	volume={14},
	number={1},
	pages={3},
	year={2013},
	publisher={ACM}
}

@book{zlw1989sllj,
	title={面向计算机科学的数理逻辑},
	author={陆钟万},
	year={1989},
	publisher={北京大学出版社}
}

@book{rosen2011discrete,
	title={Discrete Mathematics and Its Applications 7th edition},
	author={Rosen, Kenneth},
	year={2011},
	publisher={McGraw-Hill}
}

